@inbook{clancyetalChapter022017,
author    = {Clancy, R. Todd and Montmessin, Franck and Benson, Jennifer and Daerden, Frank and Colaprete, Anthony and Wolff, Michael J.},
title     = {The atmosphere and climate of mars},
chapter   = {2},
pages     = {18-34},
year      = {2017},
edition   = {1st edition},
publisher = {Cambridge University Press},
address   = {Cambridge, United Kingdom},
isbn      = {978-1-107-01618-7}
}

@inproceedings{Leovy1978,
author    = {Leovy, C. B. and Suomi, E.},
title     = {Dynamics of earth and planetary atmospheres},
booktitle = {A brief assessment of our present understanding},
year      = {1978},
editor    = {},
pages     = {3-4},
address   = {Colorado, USA},
publisher = {NASA Center for Aerospace Information (CASI)},
doi       = {https://ntrs.nasa.gov/citations/19780019745}
}

@article{Guzewich2021,
author = {Guzewich, Scott and others},
journal = {Bulletin of the AAS},
number = {4},
year = {2021},
month = {mar 18},
note = {https://baas.aas.org/pub/2021n4i035},
publisher = {},
title = {Measuring mars atmospheric winds from orbit},
volume = {53},
}

@article {Seymour1950,
author = {Seymour L.  Hess},
title = {Some aspects of the meteorology of mars},
journal = {Journal of Atmospheric Sciences},
year = {1950},
publisher = {American Meteorological Society},
address = {Boston MA, USA},
volume = {7},
number = {1},
doi = {10.1175/1520-0469(1950)007<0001:SAOTMO>2.0.CO;2},
pages=      {1 - 13},
url = {https://journals.ametsoc.org/view/journals/atsc/7/1/1520-0469_1950_007_0001_saotmo_2_0_co_2.xml}
}

@misc{Uri2020,
author = {Uri John},
title = {30 years ago: hubble launched to unlock the secrets of the universe},
year = {2020},
month = {April},
day = {24},
note = {\url{https://www.nasa.gov/missions/hubble/30-years-ago-hubble-launched-to-unlock-the-secrets-of-the-universe/.} Accessed: 2024-08-11}
}

@article{Wolff1999,
author = {Wolff, Michael J. and Bell III, James F. and James, Philip B. and Clancy, R. Todd and Lee, Steven W.},
title = {Hubble space telescope observations of the martian aphelion cloud belt prior to the pathfinder mission: Seasonal and interannual variations},
journal = {Journal of Geophysical Research: Planets},
volume = {104},
number = {E4},
pages = {9027-9041},
doi = {https://doi.org/10.1029/98JE01967},
url = {https://agupubs.onlinelibrary.wiley.com/doi/abs/10.1029/98JE01967},
eprint = {https://agupubs.onlinelibrary.wiley.com/doi/pdf/10.1029/98JE01967},
year = {1999}
}

@misc{NasaMarsPathfinder,
author = {NASA},
title = {Mars pathfinder},
year = {},
month = {},
day = {},
note = {\url{https://science.nasa.gov/mission/mars-pathfinder/.} Accessed: 2024-08-12}
}

@article{Hooke1665,
author = {Hooke, Robert},
title = {A spot in one of the belts of jupiter},
journal = {Philosophical Transactions of the Royal Society of London},
volume = {1},
number = {1},
pages = {3-3},
year = {1665},
doi = {10.1098/rstl.1665.0005},
URL = {https://royalsocietypublishing.org/doi/abs/10.1098/rstl.1665.0005},
eprint = {https://royalsocietypublishing.org/doi/pdf/10.1098/rstl.1665.0005}
}

@article{Menzel2001,
author = {W. Paul Menzel},
title = {Cloud tracking with satelliteimagery: from the pioneering work of Ted Fujita to the present},
journal = {Bulletin of the American Meteorological Society},
year = {2001},
publisher = {American Meteorological Society},
address = {Boston MA, USA},
volume = {82},
number = {1},
doi = {10.1175/1520-0477(2001)082<0033:CTWSIF>2.3.CO;2},
pages=      {33 - 48},
url = {https://journals.ametsoc.org/view/journals/bams/82/1/1520-0477_2001_082_0033_ctwsif_2_3_co_2.xml}
}

@article{Amiri2022,
author = {Amiri, H. E. S. and others},
title = {The Emirates Mars Mission},
journal = {Space Science Reviews},
year = {2022},
publisher = {Springer},
address = {},
volume = {218},
number = {4},
doi = {https://doi.org/10.1007/s11214-021-00868-x},
pages= {1 - 11},
url = {https://link.springer.com/article/10.1007/s11214-021-00868-x}
}

@article{Jones2021,
author = {Jones, A.R. and Wolff, M. and Alshamsi, M. and others},
title = {The Emirates Exploration Imager (EXI) instrument on the Emirates Mars Mission (EMM) Hope Mission},
journal = {Space Science Reviews},
year = {2021},
publisher = {Springer},
address = {},
volume = {217},
number = {81},
doi = {https://doi.org/10.1007/s11214-021-00852-5},
pages= {},
url = {https://link.springer.com/article/10.1007/s11214-021-00852-5}
}

@inbook{clancyetalChapter052017,
author = {Clancy, R. Todd and Montmessin, Franck and Benson, Jennifer and Daerden, Frank and Colaprete, Anthony and Wolff, Michael J.},
title = {The atmosphere and climate of mars},
chapter = {5},
pages = {91-120},
year = {2017},
publisher = {Cambridge University Press},
address = {Cambridge, United Kingdom},
isbn = {978-1-107-01618-7}
}

@article {Almatroushi2021,
author = {Almatroushi, Hessa and others},
title = {Emirates Mars Mission characterization of mars atmosphere dynamics and processes},
journal = {Space Science Reviews},
year = {2021},
publisher = {Springer},
address = {},
volume = {217},
number = {89},
doi = {https://doi.org/10.1007/s11214-021-00851-6},
pages= {},
url = {https://link.springer.com/article/10.1007/s11214-021-00851-6}
}

@misc{NasaFITS,
author = {NASA},
title = {Overview of the FITS data format},
year = {2023},
month = {August},
day = {3},
note = {\url{https://heasarc.gsfc.nasa.gov/docs/heasarc/fits_overview.html.} Accessed: 2024-08-12}
}

@manual{Jeppesen2021,
author = {Jeppesen, Chris and Jones, Andrew and Shuping, Ralph and others},
title = {EXI data product guide},
year = {2021},
organization = {UAE Space Agency},
address = {Dubai, UAE},
url = {https://s3.eu-west-1.amazonaws.com/emm.sdc-documentation/exi/EXI_Data_Product_Guide.pdf}
}

@mastersthesis{AlBlooki2023,
author = {Shaimaa Ahmed AlBlooki},
title = {Cloud tracking winds on mars using EMM-EXI imaging},
year = {2023},
school = {United Arab Emirates University},
type = {MSc in Space Science thesis},
department = {Department of Physics},
url = {https://scholarworks.uaeu.ac.ae/all_theses/1078/}
}

@misc{MOLA,
title = {Mars MGS MOLA global color shaded relief 463m},
author = {USGS Astrogeology Science Center},
year = {n.d.},
note = {\url{https://astrogeology.usgs.gov/search/map/mars_mgs_mola_global_color_shaded_relief_463m.} Accessed: 2024-08-12}
}

@book{Gonzalez2018,
author = {Gonzalez, Rafael C. and Woods, Richard E.},
title = {Digital image processing},
edition = {4th},
year = {2018},
publisher = {Pearson},
address = {Hudson Street, NY},
}

@book{Ghosh2013,
author = {Ghosh, S. K.},
title = {Digital image processing},
edition = {1st},
publisher = {Alpha Science International Ltd.},
address = {Oxford, England},
year = {2013},
note = {Print}
}

@article{Haertinger2024,
author = {Härtinger, P. and Steger, C.},
title = {Adaptive histogram equalization in constant time},
journal = {Journal of Real-Time Image Processing},
volume = {21},
pages = {93},
year = {2024},
doi = {10.1007/s11554-024-01465-1},
url = {https://doi.org/10.1007/s11554-024-01465-1},
note = {Received: 11 March 2024; Accepted: 17 April 2024; Published: 16 May 2024}
}

@article{Braun2000,
author = {Braun, Gustav and Fairchild, Mark},
year = {2000},
month = {01},
pages = {},
title = {Image lightness rescaling using sigmoidal contrast enhancement functions},
volume = {8},
journal = {Journal of Electronic Imaging},
doi = {10.1117/1.482706},
url = {http://markfairchild.org/PDFs/PAP07.pdf}
}

@misc{SoftUVMAT,
author = {LEGI},
title = {Soft - UVMAT - free matlab GUI for PIV},
note = {\url{http://servforge.legi.grenoble-inp.fr/projects/soft-uvmat.} Accessed: 2024-08-12},
year = {n.d.}
}

@article{Scharnowski2020,
title = {Particle image velocimetry - classical operating rules from today’s perspective},
journal = {Optics and Lasers in Engineering},
volume = {135},
pages = {106185},
year = {2020},
issn = {0143-8166},
doi = {https://doi.org/10.1016/j.optlaseng.2020.106185},
url = {https://www.sciencedirect.com/science/article/pii/S0143816619318287},
author = {Sven Scharnowski and Christian J. Kähler},
keywords = {PIV, PTV, Flow visualization}
}

@misc{ISO18026,
author = {ISO International Registration Authority},
title = {ISO/IEC 18026:2004 concepts},
year = {2004},
publisher = {Registration Authority, National Geospatial-Intelligence Agency},
note = {\url{https://standards.sedris.org/18026/text/ISOIEC_18026E_CONCEPTS.HTM.} Accessed: 2024-08-12},
address = {Arizona, USA}
}

@misc{TutorialUVMAT,
author = {LEGI},
title = {Tutorial 6: correlation image velocimetry: optimisation of parameters},
year = {2015},
month = {},
day = {},
note = {\url{http://servforge.legi.grenoble-inp.fr/projects/soft-uvmat/wiki/Tutorial/CorrelationImageVelocimetryOptimisation.} Accessed: 2024-08-12}
}